<?xml version="1.0" encoding="UTF-8"?><collection xmlns="http://www.loc.gov/MARC21/slim"><record><leader>00760nam--2200229-u-4500</leader><controlfield tag="001">000050655</controlfield><controlfield tag="002">20161230</controlfield><controlfield tag="005">20161230201048</controlfield><controlfield tag="008">080227s1000------------r-----000-0-eng-d</controlfield><datafield ind1=" " ind2=" " tag="020"><subfield code="a">0198525826</subfield></datafield><datafield ind1=" " ind2=" " tag="040"><subfield code="a">IFIN-HH</subfield></datafield><datafield ind1=" " ind2=" " tag="080"><subfield code="a">530.14:538.945:519.23</subfield></datafield><datafield ind1="1" ind2=" " tag="100"><subfield code="a">Mello, Pier A</subfield></datafield><datafield ind1="1" ind2="0" tag="245"><subfield code="a">Quantum Transport in Mesoscopic Systems: Complexity and Statistical Fluctuations</subfield><subfield code="b">A Maximum-Entropy Viewpoint</subfield><subfield code="c">Pier A. Mello; Narendra Kumar</subfield></datafield><datafield ind1=" " ind2=" " tag="260"><subfield code="a">Oxford</subfield><subfield code="b">University Press</subfield><subfield code="c">2004</subfield></datafield><datafield ind1=" " ind2=" " tag="300"><subfield code="a">401 p</subfield></datafield><datafield ind1=" " ind2=" " tag="490"><subfield code="a">Mesoscopic Physics and Nanotechnology</subfield></datafield><datafield ind1=" " ind2=" " tag="504"><subfield code="a">Includes References and Index</subfield></datafield><datafield ind1=" " ind2="4" tag="650"><subfield code="a">Electronic Transport Through Open Chaotic Cavities</subfield></datafield><datafield ind1="1" ind2=" " tag="700"><subfield code="a">Kumar, Narendra</subfield></datafield><datafield ind1=" " ind2=" " tag="852"><subfield code="a">81621</subfield><subfield code="c">538.9</subfield></datafield><datafield ind1=" " ind2=" " tag="CAT"><subfield code="a">Sys</subfield><subfield code="c">20110104</subfield><subfield code="h">101200</subfield></datafield></record></collection>